% Placeholder bibliography

% Holographic Principle
@article{tHooft1993,
  author = {'t Hooft, Gerard},
  title = {Dimensional Reduction in Quantum Gravity},
  journal = {arXiv preprint gr-qc/9310026},
  year = {1993}
}

@article{Susskind1995,
  author = {Susskind, Leonard},
  title = {The World as a Hologram},
  journal = {Journal of Mathematical Physics},
  volume = {36},
  pages = {6377--6396},
  year = {1995}
}

% Verlinde's Emergent Gravity
@article{Verlinde2011,
  author = {Verlinde, Erik P.},
  title = {On the Origin of Gravity and the Laws of Newton},
  journal = {Journal of High Energy Physics},
  volume = {2011},
  pages = {29},
  year = {2011}
}

% de Sitter Space
@article{deSitter1917,
  author = {de Sitter, Willem},
  title = {On the relativity of inertia. Remarks concerning Einstein's latest hypothesis},
  journal = {Proceedings of the Royal Netherlands Academy of Arts and Sciences},
  volume = {19},
  pages = {1217--1225},
  year = {1917}
}

% Black Hole Thermodynamics
@article{Bekenstein1973,
  author = {Bekenstein, Jacob D.},
  title = {Black Holes and Entropy},
  journal = {Physical Review D},
  volume = {7},
  pages = {2333--2346},
  year = {1973}
}

@article{Hawking1975,
  author = {Hawking, Stephen W.},
  title = {Particle Creation by Black Holes},
  journal = {Communications in Mathematical Physics},
  volume = {43},
  pages = {199--220},
  year = {1975}
}

% SymPy
@article{SymPy2024,
  author = {{SymPy Development Team}},
  title = {SymPy: symbolic computing in Python},
  journal = {PeerJ Computer Science},
  volume = {3},
  pages = {e103},
  year = {2017},
  note = {https://www.sympy.org}
}

