@article{gaussian_fourier_duality,
  title={Gaussian functions and the Fourier transform},
  author={Folland, Gerald B.},
  journal={Journal of Fourier Analysis and Applications},
  year={1992}
}

@book{bracewell,
  title={The Fourier Transform and Its Applications},
  author={Bracewell, Ronald N.},
  publisher={McGraw-Hill},
  year={2000}
}

@book{stochastic_processes_oksendal,
  title={Stochastic Differential Equations: An Introduction with Applications},
  author={Oksendal, Bernt},
  publisher={Springer},
  year={2003}
}

@book{gardiner,
  title={Handbook of Stochastic Methods},
  author={Gardiner, Crispin},
  publisher={Springer},
  year={2004}
}

@article{chirp_fresnel,
  title={Chirp and Fresnel Transforms in Signal Processing},
  author={Alieva, Tatiana and Bastiaans, Martin},
  journal={IEEE Transactions on Signal Processing},
  year={2009}
}

@misc{ubt_author,
  title={Unified Biquaternion Theory (UBT)},
  author={Your Name},
  howpublished={Manuscript},
  year={2025}
}

@misc{cct_author,
  title={Complex-Time Consciousness Theory},
  author={Your Name},
  howpublished={Manuscript},
  year={2025}
}